% This file was created with JabRef 2.10.
% Encoding: UTF-8


@InProceedings{287591,
  Title                    = {Verifying programs with unreliable channels},
  Author                   = {Abdulla, P. and Jonsson, B.},
  Booktitle                = {Logic in Computer Science, 1993. LICS '93., Proceedings of Eighth Annual IEEE Symposium on},
  Year                     = {1993},
  Month                    = {Jun},
  Pages                    = {160-170},

  Doi                      = {10.1109/LICS.1993.287591},
  Keywords                 = {decidability;program verification;programming theory;protocols;telecommunication channels;Alternating Bit Protocol;HDLC;decidable;eventuality properties;finite traces;finite-state processes;global states;infinite-state system verification;program verification;protocols;reachability problem;safety property;sliding-window protocols;space resources;time resources;traces;unbounded lossy FIFO channels;unreliable channels;Algorithm design and analysis;Clocks;Contracts;Data engineering;Hardware;Microwave integrated circuits;Protocols;Safety}
}

@Article{,
  Owner                    = {jonathan},
  Timestamp                = {2014.06.02}
}

@incollection{parosh,
year={2013},
isbn={978-3-642-35872-2},
booktitle={Verification, Model Checking, and Abstract Interpretation},
volume={7737},
series={Lecture Notes in Computer Science},
editor={Giacobazzi, Roberto and Berdine, Josh and Mastroeni, Isabella},
doi={10.1007/978-3-642-35873-9_28},
title={All for the Price of Few},
url={http://dx.doi.org/10.1007/978-3-642-35873-9_28},
publisher={Springer Berlin Heidelberg},
author={Abdulla, ParoshAziz and Haziza, Frédéric and Holík, Lukáš},
pages={476-495}
}

