@incollection{
year={2013},
isbn={978-3-642-35872-2},
booktitle={Verification, Model Checking, and Abstract Interpretation},
volume={7737},
series={Lecture Notes in Computer Science},
editor={Giacobazzi, Roberto and Berdine, Josh and Mastroeni, Isabella},
doi={10.1007/978-3-642-35873-9_28},
title={All for the Price of Few},
url={http://dx.doi.org/10.1007/978-3-642-35873-9_28},
publisher={Springer Berlin Heidelberg},
author={Abdulla, ParoshAziz and Haziza, Frédéric and Holík, Lukáš},
pages={476-495}
}
das
