% This file was created with JabRef 2.10.
% Encoding: UTF-8


@InProceedings{287591,
  Title                    = {Verifying programs with unreliable channels},
  Author                   = {Abdulla, P. and Jonsson, B.},
  Booktitle                = {Logic in Computer Science, 1993. LICS '93., Proceedings of Eighth Annual IEEE Symposium on},
  Year                     = {1993},
  Month                    = {Jun},
  Pages                    = {160-170},

  Doi                      = {10.1109/LICS.1993.287591},
  Keywords                 = {decidability;program verification;programming theory;protocols;telecommunication channels;Alternating Bit Protocol;HDLC;decidable;eventuality properties;finite traces;finite-state processes;global states;infinite-state system verification;program verification;protocols;reachability problem;safety property;sliding-window protocols;space resources;time resources;traces;unbounded lossy FIFO channels;unreliable channels;Algorithm design and analysis;Clocks;Contracts;Data engineering;Hardware;Microwave integrated circuits;Protocols;Safety}
}

@incollection{parosh,
year={2013},
isbn={978-3-642-35872-2},
booktitle={Verification, Model Checking, and Abstract Interpretation},
volume={7737},
series={Lecture Notes in Computer Science},
editor={Giacobazzi, Roberto and Berdine, Josh and Mastroeni, Isabella},
doi={10.1007/978-3-642-35873-9_28},
title={All for the Price of Few},
url={http://dx.doi.org/10.1007/978-3-642-35873-9_28},
publisher={Springer Berlin Heidelberg},
author={Abdulla, ParoshAziz and Haziza, Frédéric and Holík, Lukáš},
pages={476-495}
}

@incollection{survery,
year={2004},
isbn={978-3-540-22940-7},
booktitle={CONCUR 2004 - Concurrency Theory},
volume={3170},
series={Lecture Notes in Computer Science},
editor={Gardner, Philippa and Yoshida, Nobuko},
doi={10.1007/978-3-540-28644-8_3},
title={A Survey of Regular Model Checking},
url={http://dx.doi.org/10.1007/978-3-540-28644-8_3},
publisher={Springer Berlin Heidelberg},
author={Abdulla, ParoshAziz and Jonsson, Bengt and Nilsson, Marcus and Saksena, Mayank},
pages={35-48},
language={English}
}

@book{baier2008,
  title={Principles of model checking},
  author={Baier, Christel and Katoen, Joost-Pieter and others},
  volume={26202649},
  year={2008},
  pages={53,63},
  publisher={MIT press Cambridge}
}
@book{dijkstra1976,
  title={A discipline of programming},
  author={Dijkstra, Edsger Wybe},
  volume={4},
  year={1976},
  publisher={prentice-hall Englewood Cliffs}
}
@article{Dijkstra1972,
title = "Information streams sharing a finite buffer ",
journal = "Information Processing Letters ",
volume = "1",
number = "5",
pages = "179 - 180",
year = "1972",
note = "",
issn = "0020-0190",
doi = "http://dx.doi.org/10.1016/0020-0190(72)90034-8",
url = "http://www.sciencedirect.com/science/article/pii/0020019072900348",
author = "Edsger W. Dijkstra",
keywords = "synchronization",
keywords = "buffer sharing",
keywords = "individual starvation "
}

@incollection{mcmillan,
year={2002},
isbn={978-3-540-43997-4},
booktitle={Computer Aided Verification},
volume={2404},
series={Lecture Notes in Computer Science},
editor={Brinksma, Ed and Larsen, KimGuldstrand},
doi={10.1007/3-540-45657-0_19},
title={Applying SAT Methods in Unbounded Symbolic Model Checking},
url={http://dx.doi.org/10.1007/3-540-45657-0_19},
publisher={Springer Berlin Heidelberg},
author={McMillan, KenL.},
pages={250-264},
language={English}
}
