@ARTICLE{ordbok,
journal={IEEE Std 610},
title={IEEE Standard Computer Dictionary: A Compilation of IEEE Standard Computer Glossaries},
year={1991},
month={Jan},
pages={1-217},
keywords={glossaries;computer field;definitions;dictionary;glossary;Terminology;610;applications;computer;definitions;dictionary;glossary;terminology},}
